{
  "leader": "02622cam a2200481 i 4500",
  "fields": [
    {
      "001": "ocm01834356\\"
    },
    {
      "003": "OCoLC"
    },
    {
      "005": "20221206163530.0"
    },
    {
      "008": "751114r19581957nyua\\\\\\\\\\\\\\\\\\\\000\\0\\eng\\c"
    },
    {
      "010": {
        "ind1": "\\",
        "ind2": "\\",
        "subfields": [
          {
            "a": "   59000198 "
          }
        ]
      }
    },
    {
      "040": {
        "ind1": "\\",
        "ind2": "\\",
        "subfields": [
          {
            "a": "DKC"
          },
          {
            "b": "eng"
          },
          {
            "e": "rda"
          },
          {
            "c": "DKC"
          },
          {
            "d": "OCLCQ"
          },
          {
            "d": "OCLCG"
          },
          {
            "d": "PUL"
          },
          {
            "d": "LGG"
          },
          {
            "d": "OCLCQ"
          },
          {
            "d": "OCLCF"
          },
          {
            "d": "OCLCQ"
          },
          {
            "d": "OCLCO"
          },
          {
            "d": "WLU"
          },
          {
            "d": "OCLCA"
          },
          {
            "d": "UPM"
          },
          {
            "d": "OCLCQ"
          },
          {
            "d": "OCL"
          },
          {
            "d": "OCLCO"
          }
        ]
      }
    },
    {
      "019": {
        "ind1": "\\",
        "ind2": "\\",
        "subfields": [
          {
            "a": "27006589"
          },
          {
            "a": "978017140"
          }
        ]
      }
    },
    {
      "035": {
        "ind1": "\\",
        "ind2": "\\",
        "subfields": [
          {
            "a": "(OCoLC)1834356"
          },
          {
            "z": "(OCoLC)27006589"
          },
          {
            "z": "(OCoLC)978017140"
          }
        ]
      }
    },
    {
      "042": {
        "ind1": "\\",
        "ind2": "\\",
        "subfields": [
          {
            "a": "pcc"
          }
        ]
      }
    },
    {
      "050": {
        "ind1": "\\",
        "ind2": "4",
        "subfields": [
          {
            "a": "PS3525.O5616"
          },
          {
            "b": "Z48 1958"
          }
        ]
      }
    },
    {
      "082": {
        "ind1": "0",
        "ind2": "4",
        "subfields": [
          {
            "a": "811.52"
          },
          {
            "b": "MOO"
          }
        ]
      }
    },
    {
      "100": {
        "ind1": "1",
        "ind2": "\\",
        "subfields": [
          {
            "a": "Moore, Marianne,"
          },
          {
            "d": "1887-1972,"
          },
          {
            "e": "author."
          }
        ]
      }
    },
    {
      "245": {
        "ind1": "1",
        "ind2": "0",
        "subfields": [
          {
            "a": "Letters from and to the Ford Motor Company /"
          },
          {
            "c": "Marianne Moore [and] David Wallace."
          }
        ]
      }
    },
    {
      "264": {
        "ind1": "\\",
        "ind2": "1",
        "subfields": [
          {
            "a": "New York :"
          },
          {
            "b": "Pierpont Morgan Library,"
          },
          {
            "c": "1958."
          }
        ]
      }
    },
    {
      "264": {
        "ind1": "\\",
        "ind2": "3",
        "subfields": [
          {
            "a": "New York :"
          },
          {
            "b": "The Spiral Press"
          }
        ]
      }
    },
    {
      "300": {
        "ind1": "\\",
        "ind2": "\\",
        "subfields": [
          {
            "a": "27 unnumbered pages, 1 unnumbered leaf of plates :"
          },
          {
            "b": "illustration (wood engraving) ;"
          },
          {
            "c": "25 cm"
          }
        ]
      }
    },
    {
      "336": {
        "ind1": "\\",
        "ind2": "\\",
        "subfields": [
          {
            "a": "text"
          },
          {
            "b": "txt"
          },
          {
            "2": "rdacontent"
          }
        ]
      }
    },
    {
      "337": {
        "ind1": "\\",
        "ind2": "\\",
        "subfields": [
          {
            "a": "unmediated"
          },
          {
            "b": "n"
          },
          {
            "2": "rdamedia"
          }
        ]
      }
    },
    {
      "338": {
        "ind1": "\\",
        "ind2": "\\",
        "subfields": [
          {
            "a": "volume"
          },
          {
            "b": "nc"
          },
          {
            "2": "rdacarrier"
          }
        ]
      }
    },
    {
      "500": {
        "ind1": "\\",
        "ind2": "\\",
        "subfields": [
          {
            "a": "Originally printed in The New Yorker for April 13, 1957."
          }
        ]
      }
    },
    {
      "500": {
        "ind1": "\\",
        "ind2": "\\",
        "subfields": [
          {
            "a": "\"The edition of this book consists of five hundred fifty copies. Four hundred copies have been reserved for the Fellows of The Pierpont Morgan Library and one hundred fifty copies are offered for sale. They have been printed at The Spiral Press in New York. The wood engraving by Leonard Baskin has been printed from the original block\"--Colophon."
          }
        ]
      }
    },
    {
      "500": {
        "ind1": "\\",
        "ind2": "\\",
        "subfields": [
          {
            "a": "In slipcase."
          }
        ]
      }
    },
    {
      "520": {
        "ind1": "\\",
        "ind2": "\\",
        "subfields": [
          {
            "a": "The correspondence between American poet Marianne Moore and marketing executive David Wallace concerning an appropriate name for a new line of automobiles being designed by the Ford Motor Company. Despite the appeal of Miss Moore's final submission \"Utopian Turtletop,\"  the line was ultimately branded, as it turns out, under the unfortunate name--Edsel."
          }
        ]
      }
    },
    {
      "600": {
        "ind1": "1",
        "ind2": "0",
        "subfields": [
          {
            "a": "Moore, Marianne,"
          },
          {
            "d": "1887-1972"
          },
          {
            "v": "Correspondence."
          }
        ]
      }
    },
    {
      "600": {
        "ind1": "1",
        "ind2": "0",
        "subfields": [
          {
            "a": "Wallace, David,"
          },
          {
            "d": "1908-1974"
          },
          {
            "v": "Correspondence."
          }
        ]
      }
    },
    {
      "610": {
        "ind1": "2",
        "ind2": "0",
        "subfields": [
          {
            "a": "Ford Motor Company"
          },
          {
            "x": "History"
          },
          {
            "v": "Correspondence."
          }
        ]
      }
    },
    {
      "650": {
        "ind1": "\\",
        "ind2": "0",
        "subfields": [
          {
            "a": "Edsel automobile"
          },
          {
            "x": "Marketing"
          },
          {
            "x": "History."
          }
        ]
      }
    },
    {
      "600": {
        "ind1": "1",
        "ind2": "7",
        "subfields": [
          {
            "a": "Moore, Marianne,"
          },
          {
            "d": "1887-1972"
          },
          {
            "2": "fast"
          },
          {
            "0": "(OCoLC)fst00005315"
          }
        ]
      }
    },
    {
      "610": {
        "ind1": "2",
        "ind2": "7",
        "subfields": [
          {
            "a": "Ford Motor Company."
          },
          {
            "2": "fast"
          },
          {
            "0": "(OCoLC)fst00546509"
          }
        ]
      }
    },
    {
      "655": {
        "ind1": "\\",
        "ind2": "7",
        "subfields": [
          {
            "a": "History."
          },
          {
            "2": "fast"
          },
          {
            "0": "(OCoLC)fst01411628"
          }
        ]
      }
    },
    {
      "655": {
        "ind1": "\\",
        "ind2": "7",
        "subfields": [
          {
            "a": "Personal correspondence."
          },
          {
            "2": "fast"
          },
          {
            "0": "(OCoLC)fst01919948"
          }
        ]
      }
    },
    {
      "700": {
        "ind1": "1",
        "ind2": "\\",
        "subfields": [
          {
            "a": "Wallace, David,"
          },
          {
            "d": "1908-1974,"
          },
          {
            "e": "author."
          }
        ]
      }
    },
    {
      "700": {
        "ind1": "1",
        "ind2": "\\",
        "subfields": [
          {
            "a": "Baskin, Leonard,"
          },
          {
            "d": "1922-2000,"
          },
          {
            "e": "wood engraver."
          }
        ]
      }
    },
    {
      "710": {
        "ind1": "2",
        "ind2": "\\",
        "subfields": [
          {
            "a": "Pierpont Morgan Library,"
          },
          {
            "e": "issuing body."
          }
        ]
      }
    },
    {
      "710": {
        "ind1": "2",
        "ind2": "\\",
        "subfields": [
          {
            "a": "Spiral Press,"
          },
          {
            "e": "printer."
          }
        ]
      }
    },
    {
      "994": {
        "ind1": "\\",
        "ind2": "\\",
        "subfields": [
          {
            "a": "Z0"
          },
          {
            "b": "NYRVC"
          }
        ]
      }
    },
    {
      "948": {
        "ind1": "\\",
        "ind2": "\\",
        "subfields": [
          {
            "h": "NO HOLDINGS IN NYRVC - 104 OTHER HOLDINGS"
          }
        ]
      }
    },
    {
      "999": {
        "ind1": "\\",
        "ind2": "\\",
        "subfields": [
          {
            "a": "00000000011850"
          }
        ]
      }
    }
  ]
}